@inproceedings{burges2005learning,
  title={Learning to rank using gradient descent},
  author={Burges, Chris and Shaked, Tal and Renshaw, Erin and Lazier, Ari and Deeds, Matt and Hamilton, Nicole and Hullender, Greg},
  booktitle={Proceedings of the 22nd international conference on Machine learning},
  pages={89--96},
  year={2005},
  organization={ACM}
}

