@article{carey2005establishing,
  title={Establishing pedestrian walking speeds},
  author={Carey, Nick},
  journal={Portland State University},
  year={2005}
}

@online{taco_url,
  author = {Meny},
  title = {{Klassisk norsk taco} Fersk og hjemmelaget},
  year = 2016,
  url = {https://meny.no/Ravarer/Kjott/Storfe/Oppskrifter/Klassisk-norsk-taco--fersk-og-hjemmelaget/},
  urldate = {2016-04-19}
}

@online{hamburger_url,
  author = {Matprat},
  title = {Hamburger},
  year = 2016,
  url = {http://www.matprat.no/oppskrifter/familien/hamburger/},
  urldate = {2016-04-19}
}


